2194 2948
178 132 210 180 22

178 254 218 305 per
228 238 356 306 religionem
368 235 426 286 suam
436 236 463 285 ab
477 236 517 285 hae
529 234 686 286 consuetudine
696 232 775 286 alienos
785 254 792 286 a
810 235 935 286 attribuere
944 238 1045 288 effedlum

178 308 245 359 finita
258 309 404 360 controversia
418 313 559 372 juramento,
576 303 686 374 'tauquam'
700 323 816 359 armatura
828 312 859 355 rei
871 345 877 368 ‚
896 316 919 359 δε
934 310 1045 360 laudabili-

178 395 212 429 tet
225 386 276 431 inde
290 382 408 443 liuentem,
426 383 511 447 hocque
527 385 614 432 nomine
633 375 656 428 in
672 396 717 431 toto
730 397 809 446 genere
826 380 921 429 huniano
932 380 1046 431 usitatum:

180 456 211 516 Ex
226 446 366 528 applicatione
382 455 444 506 huius
460 456 538 520 regular
559 456 585 515 ad
601 458 667 502 Deum
682 450 787 518 perspici,
805 452 861 500 nih-tl
876 455 898 502 in
915 472 939 501 ea
954 472 977 504 re
995 457 1047 503 mali

181 524 234 573 else:
251 528 309 574 Cum
326 527 389 574 etiarn
403 529 425 574 in
440 529 472 575 N.
483 528 513 576 T.
532 525 680 575 controversia¹
694 524 745 580 fior,
769 542 822 590 quas
835 527 915 573 neccsse
931 527 960 573 est
973 525 1046 580 linire,

180 588 225 645 nori
239 595 295 661 posse
309 600 400 656 uetitum
414 596 491 646 haberi
505 601 525 645 id
542 595 637 645 medium
649 592 755 660 ,abique
770 613 814 659 quo
829 594 946 662 sarpiffimae
959 595 1006 645 lites
1020 612 1047 643 ne

180 689 238 721 nuuc
253 674 343 737 quidem
353 671 436 739 possunt
446 675 565 721 terminari.
602 673 648 718 Has
662 669 716 736 ipsas
732 672 824 719 rationes
834 673 861 718 ad
873 671 989 719 minimum
1001 670 1048 734 spe·

181 744 247 795 ciosas
258 745 311 800 else,
328 750 376 810 quis
387 761 467 795 temere
480 740 608 810 negaverit?
627 746 673 792 Cur
691 760 741 808 ergo
760 742 893 811 adversarior
904 763 948 794 non
968 755 1062 812 cogunt!

181 819 209 865 ad
219 819 338 867 modestum
348 819 374 864 de
385 815 555 865 dissentientibus
566 817 683 879 judicium,
703 816 783 865 etiamsi
798 816 846 883 ipfis
858 818 919 867 aliter
935 820 1031 868 videatur
1039 822 1054 868 ἳ-

180 891 215 937 Sc.
230 906 263 935 res
273 887 317 936 huc
326 890 393 944 redit:
408 890 501 950 Syllema
512 904 587 936 eorum
599 887 723 938 inviolabile
739 892 912 957 &anticipatum
925 895 962 942 cst.
992 896 1048 942 ctri-

175 964 219 1028 flus
236 965 256 1012 in
273 970 309 1013 N.
323 964 346 1013 T.
363 958 437 1024 artavis
446 964 563 1027 jurantema
574 964 648 1011 vetuit.
667 1005 668 1008 ,
683 965 709 1011 E.
727 960 834 1028 ubilquid
851 965 936 1015 obstare
950 969 1048 1028 videtur,
1088 999 1090 1002 -

180 1035 268 1100 quidvis
285 1038 355 1099 potius
368 1035 531 1099 excogitandum
544 1035 574 1081 est
583 1067 590 1089 ‚
610 1037 676 1098 quam
695 1049 718 1081 ut
732 1038 835 1092 credant,
857 1038 878 1088 se
895 1058 988 1091 mentem
1002 1047 1048 1094 Do.

182 1109 239 1159 mitri
249 1110 304 1159 sorte
314 1110 374 1179 haud
385 1113 441 1158 redie
454 1109 585 1158 intellexisse.
615 1114 736 1159 'Videamus
747 1115 829 1179 igitur,
848 1119 901 1180 quid
917 1122 1002 1167 Antores
1015 1119 1048 1170 su.

135 1227 137 1230 ,
182 1200 222 1248 pra
236 1185 292 1230 citati
306 1183 332 1229 ad
344 1185 362 1230 h.
378 1186 392 1230 l.
406 1196 434 1244 ep.
445 1185 580 1232 adHelreos
591 1188 715 1251 excipiant:
731 1189 829 1243 Dicunt,
846 1190 940 1239 alludere
955 1195 1048 1258 Apollo·

137 1286 145 1300 κ
173 1260 226 1306 lum
236 1255 262 1300 ad
275 1252 355 1301 fadlum
367 1257 731 1319 praeteritum,&consuetudinem
741 1257 776 1312 V.
787 1261 814 1306 T.
848 1261 1048 1326 Loquisaltemhi-

111 1334 114 1336 ’
134 1350 136 1354 ’
180 1329 269 1389 sturiae,
284 1344 329 1376 non
345 1329 440 1380 aldertive
453 1345 459 1374 ε
477 1332 596 1391 juramenta
609 1329 673 1377 hodie
686 1347 698 1375 a
711 1329 840 1380 Christianis
851 1336 947 1401 usurpari
960 1351 1047 1404 qttoqne

181 1414 240 1449 eitra
251 1399 417 1455 controversias:
437 1403 473 1448 Ne
483 1397 571 1464 quidem
582 1418 657 1449 verum
669 1400 721 1456 else,
739 1406 796 1466 quod
807 1408 958 1458 controversias
971 1429 1046 1461 omncs

182 1473 273 1522 finiant:
292 1473 365 1520 Simile
379 1476 419 1522 elle
437 1474 573 1540 exemplum,
590 1477 677 1538 quando
691 1478 767 1526 Paulus
781 1483 807 1527 ad
822 1483 897 1542 erraſsem
912 1489 931 1533 in
945 1487 1005 1544 dudio
1016 1490 1046 1537 al.

181 1546 238 1595 ludit
251 1547 428 1605 commendanda
439 1545 552 1595 alacritatis
561 1547 785 1616 Christianae‘graria,
804 1574 843 1603 nec
862 1573 934 1606 tamen
948 1563 997 1610 ideo
1011 1583 1047 1612 vo.

182 1622 273 1668 nitatem
287 1619 372 1667 illorum
387 1618 487 1667 cursuum
503 1617 615 1685 approbat.
640 1628 802 1686 1Cor.IX.24.
831 1646 874 1687 uon
892 1631 968 1698 sequi,
994 1640 1045 1700 quia

185 1690 230 1739 doli
243 1699 266 1741 δι
276 1691 362 1742 malitiae
373 1689 508 1739 invaluissent
529 1693 584 1739 inter
595 1690 694 1741 iunones
707 1699 829 1746 mundanos
843 1707 865 1748 &
879 1704 1046 1756 Pseudo.Chsi.

183 1765 260 1815 lliauos
275 1768 301 1813 acl
311 1764 358 1811 lites
369 1770 391 1812 δι
404 1766 559 1833 controuersias
573 1762 660 1830 usque,¹
672 1769 710 1816 isto
727 1786 814 1836 quoque
830 1764 900 1823 modo¹
911 1782 946 1843 agi
966 1760 1048 1830 deberev

182 1839 240 1883 inter
253 1837 315 1885 veros
328 1835 474 1893 Christianos,
492 1840 531 1905 qui
545 1855 570 1885 ex
585 1838 659 1889 litibus
674 1844 858 1901 &incredulitate
876 1851 967 1900 redemti
982 1872 1046 1903 vene.

183 1926 233 1959 runt
243 1915 269 1959 'ad
279 1912 389 1959 Christum
405 1917 517 1960 veritatem
533 1915 647 1961 &Amen
665 1916 717 1981 Dei.
776 1920 825 1967 Nos
845 1937 919 1972 contra
934 1940 1046 1991 notamus,
1078 1959 1081 1962 s

181 1994 206 2038 in
222 1985 320 2049 ptasenti
330 1984 395 2030 verba
405 1984 441 2032 sua
452 1990 486 2032 loc.
496 1988 529 2033 αἰ.
546 1990 657 2034 enuntiare
668 1991 795 2055 Apostolum
808 2011 814 2041 e
848 2004 942 2051 opedam,
960 2003 1046 2064 inquit,

183 2063 206 2105 δε
220 2074 270 2105 cum
285 2058 352 2118 altero
360 2055 423 2105 srtuili
435 2057 511 2123 procul
521 2057 587 2107 dubio
598 2073 695 2129 tempore
706 2070 831 2131 conjunxit,
846 2072 897 2118 dum
908 2075 937 2120 ait
948 2091 953 2120 :
971 2083 1002 2132 aa)
1011 2100 1047 2124 aa·

182 2150 214 2181 aare
226 2151 285 2177 aaron
296 2143 399 2186 arridaeum
412 2133 498 2192 erepuerit
506 2142 604 2186 penatum
614 2157 622 2179 e
632 2159 679 2196 opnor
688 2137 718 2186 sc.
728 2145 762 2189 eet.
803 2140 916 2190 Habullsst
928 2160 999 2192 alitem
1011 2165 1050 2197 οῦ.

181 2198 287 2250 cafionem
300 2201 451 2267 paratissimam
465 2207 555 2253 cavendi
569 2223 658 2260 curnem
674 2210 764 2262 abusum
776 2197 864 2262 ¹suorum
883 2216 1013 2275 verborum,
1032 2222 1047 2270 fi

182 2274 318 2340 Clitisliauos
335 2293 372 2341 per
387 2294 516 2342 praeceptum
532 2285 624 2331 Domini
638 2286 731 2335 exclusos
744 2287 771 2335 ab
795 2293 915 2352 J'urameuto
929 2296 1048 2348 credidisset
1082 2329 1087 2346 -.

183 2346 316 2412 dixissetque.
332 2352 403 2415 Atqui
418 2352 443 2398 ad
453 2351 621 2404 hancrationem
631 2358 666 2419 vel
678 2360 826 2423 exceptionem
833 2363 911 2412 nullibi
925 2374 1049 2432 provocavit
1078 2351 1083 2356 .

182 2418 309 2483 Apostolus,
320 2425 385 2470 etiam
395 2426 417 2471 in
428 2423 471 2472 illis
482 2424 547 2488 locis,
565 2431 588 2474 in
599 2423 679 2493 quibus
692 2427 718 2481 de
730 2436 877 2485 controversis
886 2437 1004 2489 furenfibus
1014 2445 1048 2491 in.

181 2505 214 2541 ter
227 2493 360 2546 Christianos
371 2501 422 2548 ortis
434 2502 503 2550 docet.
535 2505 560 2550 E.
573 2518 605 2566 gr.
621 2511 686 2554 icor.
701 2511 738 2556 VI.
766 2509 832 2557 multa
848 2510 921 2566 affert,
936 2527 959 2561 ut
973 2511 1048 2566 dilsua.

182 2567 230 2617 deat
240 2568 367 2621 Christianis
381 2573 429 2625 lites
443 2576 471 2623 in·
477 2572 527 2625 soro
534 2573 629 2641 gentili,
645 2577 681 2629 vel
693 2577 746 2628 alibi
760 2597 854 2647 quoque.
894 2588 967 2653 Qam
975 2586 1049 2638 dextre

1008 2661 1045 2713 hic
